<?xml version="1.0" encoding="UTF-8"?><collection xmlns="http://www.loc.gov/MARC21/slim"><record><leader>00359nam--2200121-i-4500</leader><controlfield tag="001">000002865</controlfield><controlfield tag="002">20161230</controlfield><controlfield tag="005">20161230201025</controlfield><controlfield tag="008">060222s1000------------r-----000-0-eng-d</controlfield><datafield ind1=" " ind2=" " tag="100"><subfield code="a">Abramson, Albert</subfield></datafield><datafield ind1=" " ind2=" " tag="245"><subfield code="a">Electronic motion pictures. a history of the television camera</subfield></datafield><datafield ind1=" " ind2=" " tag="260"><subfield code="a">Berkeley, University Of California, 1955 Viii+212 P. Cu Fig</subfield></datafield><datafield ind1=" " ind2=" " tag="852"><subfield code="a">11176</subfield></datafield></record></collection>